3225 5200
590 571 674 627 28
1439 578 1665 625 mmm
1712 576 2070 625 BURSARu

678 735 769 799 Et
796 733 865 798 16
900 741 981 799 14
1009 734 1222 800 vaccis
1277 733 1514 818 emptis
1566 734 1742 818 apud
1795 732 2122 811 Hexham,
2172 731 2242 794 in
2296 730 2399 796 die
2428 731 2898 815 Apostolorum

590 821 874 886 Simonis
906 830 973 885 et
1000 822 1215 899 Judae,
1247 820 1328 884 ad
1365 828 1491 884 103.
1526 820 1832 898 4d.,—7l.
1855 828 1949 885 43.
1983 821 2084 882 Sd.

677 907 770 971 Ε(
796 909 866 972 16
897 916 935 971 2
966 909 1178 974 vaccis
1210 907 1447 993 emptis
1480 907 1656 992 apud
1685 907 2009 983 Darnton‚
2032 905 2114 968 ad
2149 911 2282 969 103.
2314 908 2674 986 4ἀ.,-203.
2705 910 2811 972 Sd.

674 994 767 1057 Ε(
795 996 865 1058 16
895 995 1198 1081 expensis
1230 993 1403 1078 apud
1437 993 1743 1057 Hexham
1774 1000 1842 1055 et
1870 992 2171 1055 Darnton
2202 999 2298 1056 33.
2327 994 2432 1056 Sd.
2521 994 2613 1057 Ε(
2641 994 2898 1059 cuidam

585 1081 821 1145 latroni
868 1084 1043 1167 apud
1090 1082 1395 1145 Hexham
1426 1087 1521 1143 33.
1545 1080 1652 1142 4d.
1740 1079 1833 1142 Et
1879 1077 1949 1141 in
1996 1078 2297 1164 expensis
2347 1079 2522 1164 apud
2572 1081 2896 1163 Darnton‚

586 1189 704 1252 per
734 1167 1095 1233 Robertum
1127 1168 1290 1230 Best
1318 1176 1385 1230 6(
1415 1165 1686 1243 socium,
1719 1166 1823 1229 Sd.

674 1254 963 1320 Fulwell.
1008 1256 1114 1319 De
1165 1253 1469 1319 Johanne
1517 1252 1836 1335 Mathoye
1890 1257 1928 1314 6
1981 1250 2206 1331 boves»,
2235 1250 2410 1317 unde
2462 1258 2492 1315 1
2551 1253 2632 1316 6(1
2668 1260 2823 1333 183.,
2853 1265 2893 1318 2

584 1340 786 1405 boves
817 1341 898 1404 ad
937 1348 1067 1404 163.
1096 1339 1308 1423 (323),
1329 1348 1368 1401 2
1392 1338 1595 1403 boves
1628 1337 1710 1400 ad
1734 1344 1865 1400 153.
1896 1338 2111 1420 (303.),
2142 1346 2211 1402 6(
2236 1345 2266 1401 1
2290 1339 2374 1401 6(1
2400 1343 2730 1419 143.,-41.
2765 1349 2895 1406 143.

585 1427 676 1490 Ε(
705 1426 776 1490 16
806 1436 846 1489 2
876 1426 1090 1491 bobus
1121 1426 1360 1510 emptis
1391 1425 1471 1489 de
1501 1425 1757 1487 Thoma
1787 1421 2192 1507 Robyngson
2245 1424 2325 1487 de
2368 1424 2616 1504 eadem,
2644 1426 2820 1492 unde
2859 1434 2884 1489 1

584 1512 667 1575 ad
701 1514 858 1590 173.,
889 1521 957 1576 6(
990 1520 1021 1575 1
1059 1512 1141 1575 6(1
1174 1519 1309 1575 163.
1339 1513 1699 1588 4ιί.,-333.
1729 1512 1836 1573 4d.
1925 1511 2018 1573 Et
2067 1509 2138 1572 16
2192 1516 2234 1572 4
2284 1508 2498 1575 bobus
2543 1513 2781 1597 emptis
2814 1514 2893 1579 (16

587 1598 847 1663 Ricardi
874 1598 1267 1684 Atkyngson
1300 1596 1380 1660 de
1411 1596 1661 1673 eadem,
1693 1594 1774 1658 6(1
1813 1595 2197 1674 173.,-683.

673 1685 1089 1770 Southwyke.
1179 1683 1270 1747 Et
1298 1683 1369 1747 16
1415 1691 1445 1745 l
1480 1681 1649 1746 bove
1680 1690 1902 1766 empto
1934 1681 2015 1745 (16
2044 1681 2266 1746 relicta
2294 1682 2511 1767 Wayk
2542 1683 2622 1748 (16
2654 1683 2894 1750 South-

583 1771 768 1857 wyke
804 1771 936 1845 173.
1027 1770 1120 1834 Ε(
1170 1770 1235 1834 16
1293 1775 1331 1832 2
1380 1767 1593 1833 bobus
1646 1767 1883 1853 emptis
1945 1768 2025 1831 de
2083 1769 2338 1833 Thom'a
2393 1769 2671 1856 Kechyn
2717 1793 2753 1835 6
2808 1773 2890 1837 (16

583 1858 829 1937 eadem,
876 1858 1051 1921 unde
1109 1864 1139 1919 1
1198 1858 1281 1920 6(1
1336 1862 1490 1934 163.,
1520 1863 1588 1919 6(
1641 1863 1669 1918 l
1705 1855 1788 1918 6(1
1823 1858 1900 1928 17
1904 1862 2206 1934 3.,-333.
2326 1855 2419 1919 Ε(
2464 1855 2533 1918 16
2586 1865 2624 1920 3
2727 1857 2892 1923 obus

582 1944 820 2029 emptis
867 1944 947 2008 (16
991 1942 1346 2008 willielmo
1401 1942 1565 2025 Baly
1595 1941 1677 2006 (16
1730 1941 1977 2021 eadem,
2008 1943 2181 2006 unde
2213 1951 2252 2004 2
2285 1942 2551 2021 6(1163.,
2600 1951 2668 2007 6(
2718 1950 2750 2008 1
2810 1945 2892 2008 ad

587 2030 1000 2108 153.,-473.·

667 2115 1077 2180 Wermuthe.
1167 2115 1260 2178 Et
1304 2114 1376 2179 in
1418 2122 1455 2178 2
1504 2112 1716 2179 bobus
1770 2113 2007 2199 emptis
2068 2116 2148 2179 de
2211 2115 2486 2179 Ricardo
2551 2115 2757 2201 Crago
2810 2117 2891 2182 de

582 2203 954 2282 Wermuth,
985 2202 1067 2265 ad
1100 2209 1485 2280 153.,-303.
1574 2201 1668 2264 Ε(
1694 2199 1763 2264 16
1812 2208 1850 2263 2
1881 2202 2118 2286 emptis
2151 2202 2231 2266 (16
2264 2201 2552 2265 Roberto
2583 2202 2887 2288 Atkyng-

582 2311 702 2353 son
735 2290 814 2353 de
844 2288 1091 2367 eadem,
1121 2289 1294 2353 unde
1330 2296 1361 2351 1
1399 2289 1482 2351 ad
1515 2294 1672 2366 163.,
1696 2295 1763 2350 6(
1797 2294 1828 2349 1
1864 2289 1948 2351 6(1
1980 2295 2357 2368 153.,-313.
2403 2289 2497 2352 Ε(
2523 2287 2592 2350 16
2614 2296 2652 2351 2
2676 2287 2888 2353 bobus

581 2375 817 2525 edmptis
851 2375 931 2440 (16
963 2374 1246 2460 Georgio
1284 2375 1641 2460 Keohynge
1685 2374 1767 2451 de
1816 2373 2064 2454 eadem,
2109 2375 2282 2439 unde
2340 2382 2371 2437 1
2428 2374 2511 2438 ad
2547 2380 2701 2454 143.,
2735 2384 2801 2440 6(
2855 2383 2879 2438 l

579 2484 615 2526 6
696 2469 829 2526 153.

667 2549 1050 2616 Hedworth.
1140 2550 1232 2615 Ε(
1259 2549 1329 2614 16
1375 2556 1417 2613 2
1444 2546 1656 2614 bobus
1689 2548 1925 2636 emptis
1959 2548 2037 2613 de
2072 2548 2359 2614 Roberto
2383 2547 2775 2636 Atkyngson
2806 2550 2888 2616 (16

581 2638 964 2715 Hedworth,
1014 2638 1096 2703 ad
1145 2643 1530 2715 143.,-283.
1620 2636 1713 2700 Ε(
1740 2637 1809 2699 16
1862 2645 1889 2699 1
1925 2635 2095 2701 bove
2126 2636 2206 2700 de
2235 2637 2488 2700 Thoma
2519 2638 2887 2722 Brompton

579 2724 917 2872 dedeadem
951 2732 1085 2791 163.
1174 2724 1267 2790 Ε(
1295 2724 1365 2789 16
1399 2731 1429 2788 1
1465 2723 1635 2789 bove
1665 2732 1887 2809 empto
1920 2724 2001 2787 (16
2026 2722 2371 2806 Radulpho
2404 2723 2772 2805 Brompton
2804 2724 2885 2787 de

578 2830 652 2873 66
699 2832 802 2873 6ῐ6
836 2817 970 2875 133.
1004 2814 1107 2876 sd.

667 2896 947 2960 Harton.
993 2895 1084 2959 Et
1110 2895 1180 2958 16
1226 2903 1264 2958 2
1295 2896 1507 2962 bobus
1539 2899 1778 2983 emptis
1810 2898 1890 2962 de
1920 2898 1967 2963 J
1969 2895 2171 2962 acobo
2204 2895 2561 2981 Kechynge
2593 2892 2673 2960 (16
2706 2895 2884 2960 Har-

577 2993 715 3063 ton‚
746 2982 922 3046 unde
966 2989 992 3044 l
1031 2982 1113 3045 ad
1149 2989 1303 3059 163.,
1333 2991 1400 3045 6(
1434 2991 1465 3045 1
1503 2982 1584 3044 6(1
1622 2989 2007 3061 173.,-333.
2097 2984 2188 3047 Ε(
2215 2984 2285 3047 16
2313 2993 2354 3047 2
2386 2981 2599 3047 bobus
2645 2983 2883 3068 emptis

578 3071 657 3135 de
709 3070 755 3134 J
758 3069 1015 3134 ohanne
1048 3065 1413 3153 Brompton
1460 3069 1539 3131 (16
1585 3068 1808 3131 eadem
1840 3074 1979 3130 343.
2069 3069 2160 3131 Ε(
2186 3069 2255 3130 16
2290 3077 2321 3131 1
2358 3067 2524 3134 bove
2561 3076 2716 3149 163.,
2746 3079 2813 3133 6(
2841 3078 2880 3133 2

575 3156 785 3222 vaccis
835 3153 1070 3240 emptis
1116 3155 1198 3217 ad
1229 3162 1388 3232 203.,
1419 3154 1499 3217 (16
1526 3152 1880 3216 willielmo
1913 3152 2292 3236 Bartrayme
2334 3153 2415 3215 (16
2463 3154 2713 3233 eadem,
2743 3163 2880 3220 363.

576 3243 669 3305 Ε(
707 3243 776 3306 16
812 3249 843 3306 1
878 3240 1045 3305 bove
1077 3249 1299 3324 empto
1346 3240 1426 3302 de
1473 3238 1693 3302 relicta
1727 3238 2007 3301 Chamer
2060 3237 2139 3301 de
2193 3238 2416 3302 eadem
2452 3246 2584 3304 163.
2676 3242 2767 3305 Ε(
2812 3242 2880 3305 16

576 3327 832 3392 duobus
864 3324 1074 3391 bobus
1105 3325 1341 3410 emptis
1374 3324 1453 3387 (16
1485 3324 1763 3389 Ricardo
1796 3325 2083 3409 Peyrson
2105 3324 2185 3387 de
2216 3324 2441 3389 eadem
2470 3334 2609 3391 323.
2699 3327 2791 3390 Ε(
2810 3328 2880 3391 16

576 3422 614 3477 3
648 3413 860 3478 bobus
892 3411 1128 3496 emptis
1183 3412 1262 3475 de
1317 3409 1605 3477 Roberto
1663 3410 2064 3497 Robyngson
2096 3410 2176 3475 de
2206 3411 2432 3477 eadem
2461 3419 2599 3477 413.
2689 3412 2781 3477 Ε(
2809 3413 2877 3477 16

573 3509 616 3563 2
646 3499 858 3564 bobus
889 3498 1123 3583 emptis
1155 3499 1234 3562 de
1267 3499 1542 3563 Ricardo
1573 3498 1811 3582 Wayte
1861 3497 1941 3562 de
1972 3497 2220 3576 eadem,
2250 3499 2425 3562 unde
2464 3506 2490 3561 l
2528 3499 2610 3562 6(1
2648 3507 2802 3576 163.,
2839 3507 2870 3563 1

573 3588 656 3651 6(1
693 3594 842 3665 193.,
873 3595 940 3651 6(
978 3588 1005 3647 l
1041 3607 1232 3651 vacca
1260 3587 1342 3650 ad
1382 3592 1758 3664 103.,-453.
1851 3584 1943 3649 Ε(
1970 3584 2039 3647 16
2078 3592 2106 3648 l
2161 3584 2330 3650 bove
2382 3593 2603 3670 empto
2651 3586 2731 3649 (16
2764 3584 2877 3649 Ri-

575 3674 765 3740 cardo
797 3674 1079 3739 Newton
1112 3673 1192 3738 de
1222 3673 1446 3737 eadem
1486 3681 1618 3737 193.

658 3761 973 3826 Westow.
1020 3759 1111 3824 Ε(
1138 3760 1207 3822 16
1244 3768 1275 3822 1
1310 3759 1479 3824 bove
1509 3768 1732 3843 empto
1764 3759 1843 3822 (16
1878 3757 2241 3824 Cuthberto
2274 3757 2555 3844 Rogerly
2574 3759 2653 3824 de
2678 3760 2871 3824 Wes-

571 3856 725 3925 tow,
758 3848 890 3920 173.
954 3845 1046 3908 Ε(
1072 3845 1140 3907 16
1173 3853 1210 3907 2
1235 3844 1448 3908 bobus
1471 3845 1708 3929 emptis
1732 3845 1811 3908 de
1835 3843 2123 3909 Roberto
2158 3844 2514 3930 Kechynge
2545 3845 2625 3909 de
2649 3847 2875 3911 eadem

572 3941 710 3997 303.
800 3933 892 3995 Ε(
919 3932 989 3995 16
1025 3936 1056 3991 1
1096 3929 1260 3996 bove
1295 3932 1451 4010 173.,
1482 3939 1548 3994 6(
1578 3938 1617 3993 2
1647 3930 1858 3994 vaccis
1894 3937 2051 4009 183.,
2083 3931 2163 3994 (16
2216 3932 2462 4010 eadem,
2504 3931 2743 4017 emptis
2791 3933 2872 3998 de

573 4019 896 4084 Richardo
929 4016 1556 4103 Robyngson—363.
1646 4016 1739 4079 Ε(
1766 4016 1835 4078 16
1869 4023 1906 4079 2
1948 4016 2186 4102 emptis
2233 4017 2313 4080 de
2360 4017 2666 4082 Eduardo
2701 4018 2871 4083 Har-

568 4128 686 4191 per
716 4106 796 4168 de
827 4105 1073 4182 eadem,
1095 4103 1269 4167 unde
1305 4110 1335 4164 l
1372 4103 1453 4166 ad
1479 4103 1638 4181 173.,
1662 4111 1729 4166 6(
1755 4110 1786 4166 1
1823 4103 1905 4166 6(1
1945 4110 2071 4167 133.
2103 4106 2460 4182 4ἀ.,--303.
2483 4106 2590 4167 4d.
2680 4105 2772 4168 Ε(
2800 4106 2868 4169 16

569 4201 607 4256 2
639 4191 852 4256 bobus
884 4191 1117 4274 emptis
1150 4191 1229 4254 (16
1259 4190 1302 4254 J
1307 4190 1559 4253 ohanne
1584 4188 2039 4275 Wylkyngson
2064 4197 2201 4254 333.
2229 4192 2335 4253 4d.
2397 4190 2487 4253 Ε(
2503 4191 2571 4254 16
2594 4199 2633 4253 2
2659 4189 2871 4256 bobus

569 4278 805 4362 emptis
838 4277 916 4341 de
945 4278 1196 4341 Thoma
1228 4276 1538 4340 Randson
1570 4277 1651 4340 de
1675 4276 1900 4340 eadem
1930 4283 2067 4340 363.
2097 4277 2273 4340 unde
2314 4276 2508 4340 soluti
2554 4277 2768 4342 eidem
2795 4280 2865 4342 in

568 4374 817 4449 partem
851 4363 1195 4427 solucionis
1227 4371 1339 4441 63.,
1359 4374 1426 4427 6(
1455 4362 1722 4428 611666νὶ
1753 4363 1820 4426 16
1849 4363 2033 4428 firma
2052 4364 2132 4427 de
2155 4364 2447 4427 Westow
2475 4371 2630 4443 123.,
2663 4372 2730 4427 6(
2750 4386 2868 4449 per

569 4451 916 4515 Ricardum
940 4449 1221 4514 Newton
1258 4457 1387 4514 183.
1477 4451 1567 4514 Ε(
1595 4450 1664 4513 16
1700 4457 1731 4512 1
1765 4449 1933 4516 bove
1964 4460 2032 4514 6(
2058 4456 2088 4513 1
2118 4471 2308 4515 vacca
2338 4451 2575 4534 emptis
2608 4451 2688 4514 (16
2721 4451 2867 4515 Ste-

566 4539 783 4624 phano
815 4537 1220 4623 Symonsyde
1250 4543 1387 4600 263.
1420 4539 1522 4604 Sd.
1612 4537 1703 4603 Ε(
1730 4535 1798 4604 16
1828 4546 1868 4603 2
1899 4536 2112 4607 bobus
2143 4536 2378 4623 emptis
2412 4537 2490 4601 de
2510 4534 2863 4608 Willielmo
2974 4584 2977 4587 -

569 4625 891 4694 Cuthbert
921 4624 1001 4688 de
1031 4624 1255 4690 eadem
1286 4631 1422 4688 313.
