3225 5200
527 519 654 581 144
1375 531 1601 577 mann
1647 531 2006 578 suasum

610 687 862 752 Relicta
891 687 1290 771 Hawghton,
1317 706 1435 769 per
1464 706 1730 766 annum,
1758 687 1900 750 1211.
1936 685 2134 751 Unde
2159 685 2356 751 soluti
2379 686 2570 752 dictae
2591 684 2827 770 viduoe,

520 774 590 838 in
634 773 851 859 vigilia
897 773 1120 839 Sancti
1161 773 1435 836 Thomae
1472 770 1800 856 Apostoli,
1829 793 1947 856 per
2000 793 2277 859 puerum
2307 773 2580 839 Roberti
2612 772 2829 857 Clerk,

531 860 862 1011 mclii-eligii
925 868 1269 1032 ertltinan,
1299 966 1418 1029 per
1463 965 1729 1024 annum,
1765 946 1913 1009 12d.
2003 943 2243 1011 Quieta
2286 965 2405 1031 per
2456 946 2502 1012 J
2504 946 2827 1014 ohannem

525 1031 977 1119 Greynswerd.

609 1203 1653 1271 MAsYNnnwssn.—Christofer
1679 1203 1962 1282 Trotter,
1990 1224 2109 1289 per
2154 1225 2420 1284 annum,
2465 1213 2560 1270 33.
2629 1205 2824 1270 Unde

522 1292 717 1357 soluti
766 1292 1001 1373 eidem,
1044 1291 1113 1357 in
1161 1290 1375 1376 vigilia
1423 1290 1648 1356 Sancti
1690 1291 1961 1355 Thomae
1990 1290 2316 1376 Apostoli,
2359 1314 2477 1377 per
2503 1292 2823 1357 Thomatn

521 1379 701 1456 Raw,
723 1386 841 1459 33.,
871 1388 939 1443 et
966 1378 1245 1464 quietus.
1359 1459 1361 1461 p

605 1466 892 1530 Thomas
927 1463 1418 1550 Smyrthwhatt,
1448 1484 1565 1548 per
1608 1486 1873 1543 annum,
1918 1470 2013 1528 33.
2107 1462 2303 1547 Unde
2344 1464 2543 1532 soluti
2589 1463 2822 1544 eidem,

519 1572 637 1635 per
666 1550 1026 1616 Robertum
1060 1550 1288 1633 Crage,
1319 1556 1405 1613 20
1433 1548 1840 1628 Decembris,
1863 1557 1983 1628 33.,
2012 1558 2080 1615 et
2107 1549 2388 1633 quietus.

611 1634 935 1702 Robertus
991 1636 1317 1715 Werdale,
1386 1656 1503 1720 per
1566 1657 1833 1715 annum,
1901 1643 1994 1699 33.
2107 1635 2407 1716 Quietus,
2472 1637 2541 1700 in
2607 1637 2822 1723 vigilia

520 1723 791 1788 'rhomae
822 1723 1145 1808 Apostoli,
1175 1731 1326 1787 ante
1358 1718 1610 1801 Natale,
1642 1729 1737 1785 33.

608 1810 796 1876 Uxor
822 1807 870 1875 J
872 1809 1145 1875 ohannis
1191 1809 1471 1886 Trotter,
1501 1829 1618 1891 per
1658 1830 1924 1887 annum,
1954 1814 2049 1872 33.
2141 1808 2336 1875 Unde
2379 1809 2574 1873 soluti
2605 1809 2819 1875 eidem

520 1894 566 1961 J
568 1896 831 1975 ohanni,
860 1917 995 1981 prae
1039 1893 1361 1972 manibUS,
1396 1895 1541 1957 12d.
1572 1903 1641 1957 et
1684 1894 1893 1959 eidem
1936 1916 2055 1979 per
2086 1894 2448 1960 Robertum
2479 1895 2704 1975 Blunt,
2736 1903 2820 1959 20

517 1981 923 2061 Decembris,
954 1990 1046 2045 23.
1077 1990 1145 2046 et
1174 1981 1410 2066 quieta.

605 2068 892 2132 Thomas
926 2069 1203 2152 Harper,
1224 2088 1343 2152 per
1372 2087 1638 2145 annum,
1669 2073 1764 2131 33.
1856 2066 2052 2135 Unde
2076 2067 2272 2132 soluti
2290 2068 2496 2134 eidem
2520 2090 2637 2153 per
2654 2067 2819 2132 Wil-

517 2153 803 2220 lielmum
834 2155 1117 2233 Trotter,
1146 2153 1216 2217 in
1247 2152 1350 2217 die
1386 2151 1607 2216 Sancti
1635 2153 1905 2216 Thomae
1941 2153 2260 2238 Apostoli,
2292 2164 2359 2219 et
2387 2155 2667 2240 quietus.

604 2239 644 2304 J
653 2242 941 2306 ohannes
1001 2240 1197 2319 Rose,
1253 2259 1373 2325 per
1428 2260 1697 2318 annum,
1758 2247 1854 2303 38.
1946 2238 2249 2320 Quietus,
2308 2262 2425 2326 per
2483 2240 2818 2307 Simonem

519 2324 949 2414 Gayrstayne,
982 2333 1061 2391 16
1091 2325 1137 2391 J
1140 2325 1406 2391 anuarii.

602 2416 824 2498 Agnes
871 2414 1208 2498 Davyson,
1260 2434 1377 2498 per
1426 2433 1693 2491 annum,
1754 2417 1849 2476 33.
1941 2412 2136 2479 Unde
2184 2411 2380 2478 soluti
2426 2412 2657 2493 eidem,
2701 2435 2821 2500 per

514 2498 563 2565 J
563 2500 886 2566 ohannem
917 2499 1188 2579 Mawer,
1215 2506 1334 2579 33.,
1362 2507 1429 2563 et
1457 2498 1695 2585 quieta,
1726 2505 1811 2563 20
1840 2498 2243 2565 Decembris.

605 2587 854 2653 Relicta
910 2585 1334 2673 Dycheburn,
1388 2607 1506 2671 per
1562 2607 1833 2665 annum,
1897 2591 1991 2650 33.
2113 2585 2310 2653 Unde
2370 2585 2570 2651 soluti
2626 2585 2816 2654 dictoe

512 2672 747 2754 viduoe,
776 2696 893 2759 per
923 2673 1278 2759 Georgium
1308 2671 1566 2752 Skelus,
1595 2679 1713 2752 33.,
1744 2680 1811 2736 et
1885 2672 2079 2737 uieta.

603 2760 852 2825 Relicta
884 2759 1138 2839 Clerke,
1183 2780 1302 2845 per
1348 2781 1616 2838 annum,
1660 2766 1756 2825 33.
1915 2760 2043 2824 nde
2092 2759 2288 2825 soluti
2334 2781 2451 2845 per
2495 2759 2702 2825 filium
2744 2761 2815 2825 in

513 2845 618 2911 die
648 2846 871 2910 Sancti
896 2846 1168 2909 Thomae
1197 2844 1523 2930 Apostoli,
1552 2854 1622 2909 et
1649 2846 1886 2930 quieta.

605 2930 937 3017 Mychaell
989 2931 1287 3012 Preston,
1326 2953 1445 3017 per
1488 2952 1755 3011 annum,
1800 2940 1892 2995 33.
1985 2933 2180 2998 Unde
2228 2932 2426 2998 soluti
2472 2932 2702 3015 eidem,
2745 2934 2814 2998 in

511 3016 614 3082 die
645 3017 868 3083 Sancti
895 3018 1167 3082 Thomae
1196 3015 1520 3101 Apostoli,
1550 3026 1619 3080 et
1648 3018 1926 3102 quietuS.

596 3104 642 3170 J
646 3105 901 3168 ohanna
940 3103 1271 3187 [Mariona
1298 3104 1668 3179 interlined]
1716 3102 2076 3187 Robynson
2116 3104 2227 3187 [de
2257 3105 2592 3190 Wyngayt
2618 3108 2813 3171 inter-

508 3190 728 3273 lined],
749 3211 867 3275 per
888 3211 1152 3266 annum,
1182 3195 1276 3251 33.
1368 3187 1563 3251 Unde
1588 3187 1784 3250 soluti
1803 3188 1989 3252 dictae
2013 3189 2286 3267 mulieri,
2308 3210 2425 3272 per
2449 3189 2810 3255 Robertum

508 3278 587 3340 M
633 3275 848 3353 lburn,
876 3275 945 3336 in
976 3273 1079 3336 die
1110 3272 1332 3337 Sancti
1361 3273 1631 3335 Thomae
1660 3274 1983 3357 Apostoli,
2014 3281 2108 3337 33.
2139 3285 2205 3338 et
2276 3275 2469 3338 uieta.

665 3380 784 3423 xor
812 3359 1071 3423 Ricardi
1102 3357 1278 3436 Hall,
1309 3379 1426 3442 per
1461 3379 1727 3437 annum,
1757 3364 1853 3422 33.
1943 3358 2140 3423 Unde
2189 3297 2382 3424 sciluti
2411 3359 2663 3444 pidem,
2691 3383 2809 3448 per

508 3446 857 3512 Ricardum
890 3444 1067 3523 Hall,
1096 3444 1166 3507 in
1197 3443 1300 3509 die
1331 3443 1554 3508 Sancti
1582 3444 1875 3524 Th0mae‚
1906 3454 1974 3511 et
2002 3446 2243 3530 quieta.

592 3533 638 3599 J
642 3533 931 3598 ohannes
961 3531 1377 3610 Wodmosse,
1406 3551 1524 3616 per
1567 3553 1834 3611 annum,
1882 3539 1976 3597 33.
2094 3532 2291 3598 Unde
2337 3533 2534 3598 soluti
2576 3534 2807 3616 eidem,

503 3619 573 3685 in
604 3620 708 3685 die
739 3619 959 3684 Sancti
987 3618 1258 3681 Thomae
1280 3616 1603 3701 Apostoli,
1635 3626 1702 3682 et
1732 3618 2007 3702 quietus.

592 3707 923 3791 Margaret
952 3704 1185 3788 Kaley,
1213 3724 1329 3788 per
1368 3725 1635 3778 annum,
1680 3710 1775 3767 33.
1866 3704 2062 3770 Unde
2105 3705 2302 3770 soluti
2351 3706 2539 3772 dictae
2568 3707 2804 3789 viduae,

502 3814 618 3878 per
647 3792 693 3856 J
695 3792 1018 3856 ohannem
1047 3788 1431 3867 Tedcastell,
1464 3796 1537 3851 21
1576 3788 1980 3869 Decembris,
2011 3801 2077 3854 et
2107 3793 2341 3876 quieta.

592 3877 947 3942 Nicholaus
980 3874 1247 3957 Cragge,
1292 3895 1410 3959 per
1447 3895 1712 3953 annum,
1758 3882 1852 3939 33.
1944 3877 2140 3941 Unde
2186 3878 2383 3943 soluti
2426 3878 2658 3962 eidem,
2687 3902 2804 3965 per

505 3962 867 4029 Robertum
900 3961 1126 4045 Crage,
1154 3967 1242 4025 20
1271 3959 1676 4039 Decembris,
1705 3967 1825 4038 33.,
1855 3969 1922 4025 et
1951 3962 2188 4047 quieta.

1085 4304 1541 4370 EXPENSAE
1588 4305 2215 4374 NECESSARIAE.

589 4483 863 4547 ToNs1o
898 4499 1138 4546 ovum
1172 4499 1373 4545 APUD
1421 4479 1913 4545 Mocnnswrx
1957 4503 2048 4545 m·
2080 4482 2562 4550 Homnae-Et
2606 4486 2803 4553 soluti

499 4590 620 4656 pro
650 4568 950 4634 tonsione
981 4567 1198 4633 ovium
1232 4565 1406 4653 apud
1438 4566 1703 4647 Holme,
1732 4587 1848 4651 per
1876 4567 2206 4650 ballivum,
2229 4578 2363 4635 153.
2490 4633 2497 4640 .

793 4867 834 4904 ⁴5⁷
