3225 5200
889 508 1259 561 nccmsm
1307 509 1836 562 bunnam-mus
1885 500 2163 563 1530-1.
2602 503 2689 579 47

461 675 555 739 Et
605 671 919 758 magistro
977 668 1319 755 Trowlope
1378 689 1463 734 ex
1516 678 1747 735 mutuo
1795 678 1936 736 203.
2027 670 2309 739 Quietus
2362 694 2479 759 per
2518 674 2692 742 Leo-

377 762 654 827 nardum
684 758 1100 843 Atkyngson.

462 849 554 912 Et
592 846 640 912 J
642 845 846 911 acobo
898 843 1298 928 Goldsmyth
1349 863 1431 906 ex
1483 852 1737 923 mutue,
1782 866 1913 907 una
1972 844 2134 924 vice,
2184 852 2278 909 63.
2306 849 2412 913 Sd.
2463 856 2529 913 et
2575 848 2697 913 alia

374 936 534 1014 vice,
564 955 681 1019 per
709 932 940 1009 filium,
990 937 1087 996 33.
1115 931 1449 993 4ά.-103.
1540 929 1740 995 Unde
1786 930 1981 995 solvit
2025 931 2095 994 in
2143 932 2393 997 factura
2432 942 2458 998 l
2505 936 2694 1000 tache

382 1024 509 1100 sd„
555 1031 623 1086 et
651 1016 1074 1082 deauracione
1105 1015 1509 1095 coclearium,
1540 1025 1609 1079 et
1637 1016 1778 1080 aliis
1802 1038 1919 1102 per
1946 1017 2171 1081 billam
2202 1026 2297 1083 63.

461 1108 555 1172 Et
583 1106 797 1171 eidem
826 1101 1100 1181 Jacob0,
1132 1104 1216 1178 27
1239 1100 1592 1181 Februarii,
1624 1105 1707 1182 21}
1731 1125 1881 1167 unc.
1906 1105 2153 1188 argenti
2182 1105 2582 1173 resolvenda
2609 1109 2695 1173 ad

374 1196 614 1259 festum
668 1190 891 1256 Sancti
940 1188 1288 1253 Cuthberti
1333 1188 1403 1252 in
1445 1188 1698 1253 Marcio
1759 1210 1931 1253 anno
1983 1196 2173 1268 1531,
2222 1191 2306 1254 ad
2357 1199 2453 1257 33.
2498 1197 2693 1260 Sd.—

379 1287 474 1346 93.
506 1281 613 1344 2d.
704 1276 985 1343 Quietus
1024 1284 1102 1339 10
1132 1274 1378 1359 Aprilis
1424 1295 1596 1338 anno
1631 1282 1821 1339 1531.

467 1366 563 1429 Et
648 1364 843 1429 soluti
901 1362 1222 1427 Nicholao
1308 1361 1631 1425 Emerson
1691 1371 1758 1425 et
1816 1362 2072 1445 Rogero
2127 1363 2539 1451 Baynbryge,
2607 1377 2685 1433 21

384 1451 770 1518 Decembris
815 1472 986 1514 anno
1032 1455 1224 1528 1531,
1269 1448 1338 1510 in
1378 1457 1629 1532 partem
1677 1447 2026 1512 solucionis
2076 1449 2156 1514 de
2208 1458 2295 1514 20
2336 1452 2529 1537 loyde
2576 1476 2692 1520 ure

381 1537 636 1625 plumbi
672 1538 751 1600 ad
780 1543 871 1600 63.
901 1537 965 1599 16
993 1535 1171 1621 loyd,
1202 1556 1352 1597 cum
1384 1533 1657 1618 cariagio
1708 1535 1843 1597 suis
1885 1535 2257 1619 sumptibus
2287 1540 2568 1623 propriis
2610 1542 2692 1605 ad

381 1623 858 1711 Shytleyburne
918 1643 1114 1706 super
1158 1630 1396 1685 terram
1438 1620 1677 1685 Prioris
1710 1621 1790 1685 de
1824 1621 2269 1706 Fynkhall—5
2279 1631 2371 1687 33.
2404 1628 2508 1688 4d.
2599 1628 2691 1691 Et

378 1712 646 1789 eisdem,
676 1717 714 1772 3
743 1708 1094 1786 Februarii,
1122 1708 1192 1770 in
1223 1705 1552 1770 Dunelmo
1580 1707 1652 1769 in
1682 1708 1978 1791 pecunia,
2006 1714 2137 1771 183.
2161 1711 2265 1772 Sd.
2303 1710 2395 1773 Et
2424 1712 2690 1793 eisdem,

380 1803 420 1860 9
455 1797 669 1875 Febr.,
691 1817 808 1880 per
835 1794 1044 1858 filium
1074 1794 1345 1857 Thomoe
1378 1793 1690 1878 Peyrson,
1723 1799 1815 1857 63.
1906 1794 1998 1858 Et
2027 1794 2294 1873 eisdem,
2326 1802 2407 1859 23
2435 1796 2690 1878 Marcii,

382 1891 516 1950 183.
545 1904 667 1968 pro
697 1889 736 1946 3
768 1881 1168 1945 loddes-4L
1210 1885 1342 1944 163.

467 1971 560 2035 Et
603 1969 674 2034 in
707 1975 745 2033 2
776 1966 1046 2052 plaustr.
1087 1965 1341 2051 plumbi
1387 1965 1625 2050 emptis
1678 1965 1758 2031 de
1807 1965 2083 2032 Ricardo
2132 1968 2548 2037 Pemmerton
2603 1971 2688 2048 71.

381 2057 575 2124 Unde
606 2054 806 2120 soluti
844 2054 1055 2119 eidem
1082 2053 1154 2117 in
1182 2054 1243 2117 le
1282 2074 1441 2138 uyre
1490 2054 1596 2132 5Ζ.,
1640 2062 1709 2118 et
1750 2052 1819 2116 in
1848 2053 2144 2138 pecunia,
2177 2063 2250 2119 12
2284 2055 2688 2137 Decembris,

379 2153 518 2210 403.
549 2153 618 2209 et
645 2141 926 2228 quietus.
1016 2141 1108 2204 Et
1150 2139 1361 2204 eidem
1408 2160 1526 2223 pro
1572 2138 1844 2224 cariagio
1888 2163 1928 2204 a
1972 2139 2312 2227 Stanphop
2362 2152 2402 2207 2
2448 2143 2687 2228 plaust-

381 2230 537 2296 dicti
575 2228 834 2315 plumbi
881 2249 1090 2312 usque
1141 2225 1545 2290 Dunelmum
1602 2233 1753 2305 123.,
1799 2236 1866 2290 et
1911 2225 2192 2312 quietus,
2238 2228 2342 2293 die
2371 2229 2684 2317 predicto.

384 2318 548 2383 Inde
583 2315 818 2401 recepi,
868 2321 948 2378 13
996 2313 1100 2379 die
1139 2312 1546 2391 Decembris,
1596 2311 1668 2376 in
1714 2322 1966 2398 partem
2017 2314 2367 2380 solucionis
2408 2318 2536 2392 217
2577 2321 2689 2387 mi,

382 2414 709 2491 petrarum
739 2411 805 2466 et
837 2409 1021 2465 sexta
1065 2398 1168 2464 die
1198 2398 1451 2463 Natalis
1481 2420 1598 2485 per
1629 2400 2044 2465 Roulandum
2077 2401 2590 2488 Greynsweyrde
2618 2413 2686 2471 et

383 2492 630 2556 socium
659 2497 740 2554 10
767 2509 1043 2575 peayces
1072 2485 1326 2575 plumbi
1402 2487 1790 2552 onderantes
1825 2489 1907 2563 70
1934 2496 2098 2571 petr.
2168 2488 2338 2553 Item
2370 2494 2452 2553 92
2484 2497 2685 2572 petrae

381 2580 495 2645 8ι6.
531 2577 792 2666 quietus
845 2575 926 2640 de
972 2584 1011 2639 2
1061 2571 1264 2658 petris
1316 2595 1360 2658 p
1387 2572 1570 2638 umbi
1620 2596 1694 2640 ac
1730 2581 1808 2639 19
1838 2572 2041 2661 petris
2089 2573 2259 2638 ultra
2305 2594 2471 2658 quos
2520 2575 2686 2646 solvi

383 2665 660 2732 Ricardo
694 2665 1134 2739 Pemmerton,
1171 2667 1244 2724 15
1281 2660 1687 2740 Decembris,
1719 2683 1889 2724 anno
1928 2667 2114 2739 1534,
2161 2667 2254 2726 63.
2277 2660 2379 2726 sd.

470 2753 593 2836 [Et
620 2748 969 2814 deliberavi
1000 2747 1290 2812 Johanni
1323 2746 1749 2831 Rychardson
1795 2748 1879 2827 3ξ
1924 2745 2149 2811 uncias
2195 2748 2446 2831 argenti
2490 2748 2682 2817 deau-

380 2840 507 2904 rati
535 2839 620 2901 ad
646 2844 741 2899 43.
774 2837 1101 2899 sca—143.
1134 2836 1239 2897 δεῖ.
1331 2832 1528 2896 Unde
1548 2833 1743 2898 soluti
1772 2832 1840 2898 in
1872 2832 2140 2918 conagio
2169 2841 2299 2910 303-
2327 2836 2409 2902 ad
2444 2840 2683 2913 lbde—

384 2933 482 2989 33.
513 2925 663 3002 9Ξᾱ.
750 2922 842 2984 Et
869 2941 985 3007 per
1004 2920 1241 3007 ipsum,
1273 2926 1358 2982 30
1387 2919 1434 2984 J
1438 2918 1595 2999 unii,
1624 2922 1695 2987 in
1725 2920 1993 3005 conagio
2023 2927 2107 2984 32
2131 2943 2279 2988 unc.
2310 2930 2407 2987 43.
2430 2932 2498 2992 et
2524 2925 2682 2992 allo-

467 3009 534 3073 vi
565 3013 711 3087 285,
757 3014 848 3072 33.
873 3008 1019 3086 δξά.
1106 3005 1414 3090 Ενα33ά.]

475 3095 675 3179 [Item
731 3102 816 3158 30
872 3093 1078 3158 unciae
1138 3114 1432 3178 connyge
1490 3099 1585 3161 33.
1621 3100 1725 3162 9d.
1815 3095 1985 3158 Item
2042 3101 2126 3159 23
2185 3094 2394 3162 unciae
2439 3117 2682 3182 conage

383 3185 478 3249 43.
515 3185 656 3261 lid.
745 3181 824 3245 In
854 3184 959 3245 the
980 3182 1249 3262 melmin,
1274 3180 1540 3262 erased]

471 3268 997 3346 Memorandum,
1038 3266 1108 3330 in
1138 3287 1332 3351 every
1359 3266 1508 3330 lode
1556 3270 1642 3328 60
1687 3272 1873 3331 stone
1912 3266 1985 3330 of
2019 3288 2177 3352 uyre
2223 3268 2352 3334 and
2392 3268 2568 3336 121b.
2616 3272 2688 3338 of

381 3357 568 3444 leyde
597 3366 668 3420 to
696 3372 770 3440 γε
801 3364 972 3418 ston.
1063 3353 1257 3431 Item,
1300 3353 1459 3439 tayk
1492 3352 1709 3437 layrge
1738 3375 1919 3438 uyre,
1947 3354 2049 3417 for
2092 3364 2162 3439 y⁶
2208 3355 2396 3422 small
2436 3378 2595 3443 uyre
2622 3356 2680 3424 is

380 3443 576 3530 mych
605 3452 810 3530 wayst
837 3462 987 3526 yne.

470 3538 666 3594 Anno
720 3534 903 3591 1534.
994 3526 1087 3589 Et
1131 3525 1475 3589 Roulando
1505 3523 1757 3588 Woller
1800 3532 1867 3587 et
1904 3523 2202 3588 Lionello
2231 3526 2375 3590 'rod
2405 3535 2444 3592 3
2479 3528 2682 3594 Octo-

380 3616 515 3681 bris
560 3636 680 3701 pro
733 3613 1003 3698 cariagio
1073 3620 1150 3675 10
1208 3634 1482 3698 peayces
1540 3610 1793 3695 plumbi
1850 3610 2285 3694 ponderantes
2331 3619 2413 3676 92
2467 3626 2682 3698 petras

382 3702 635 3787 plumbi
664 3708 759 3765 33.
790 3702 895 3763 4d.
986 3698 1264 3764 Quietus
1296 3708 1388 3763 23.
1433 3703 1550 3785 per
1579 3697 1930 3761 Ricardum
1965 3697 2380 3762 Pemmerton
2420 3709 2487 3765 et
2536 3721 2683 3785 per-

385 3788 622 3852 donavi
713 3835 728 3852 .
820 3834 836 3850 .
927 3832 944 3850 .
1037 3833 1054 3849 .

474 3876 644 3938 Item
697 3881 733 3936 5
781 3870 1163 3936 Decembris
1209 3881 1466 3956 recepta
1517 3870 1598 3935 de
1645 3870 1989 3935 Roulando
2036 3871 2211 3935 Wall
2255 3880 2325 3938 et
2375 3873 2566 3940 sociis
2603 3879 2680 3943 12

383 3982 621 4111 peaglce
646 3959 1084 4110 ἕοηὲἱὲταιιωε
1118 3960 1195 4038 77
1230 3968 1438 4024 stone.
1528 3958 1621 4022 Et
1666 3957 2011 4024 Roulando
2041 3957 2217 4023 Wall
2263 3969 2332 4025 et
2378 3961 2569 4028 sociis
2599 3983 2682 4028 ex

382 4069 499 4114 mu
574 4068 614 4111 ο
685 4067 739 4111 3.
860 4091 877 4109 .
