3225 5200
884 560 1250 608 sconsam.
1299 563 1828 611 mmunuunsrs
1881 551 2157 615 1531-2.
2592 556 2679 616 49

459 716 657 782 Unde
709 715 906 781 soluti
957 737 1075 802 per
1124 716 1481 804 Georgium
1528 721 1814 786 Heddon
1854 720 2089 786 iterum
2121 723 2201 788 de
2247 744 2501 789 summa
2526 746 2677 809 pre-

371 802 562 884 dicta,
592 802 662 867 in
705 802 810 868 die
839 804 1248 885 Animarum,
1295 805 1365 870 in
1394 828 1551 872 auro
1582 810 1669 873 51.
1762 807 2039 875 Quietus
2069 809 2139 873 in
2169 819 2475 896 compoto
2504 811 2676 877 inter

368 912 545 1040 nogit
567 974 916 1041 deliberavi
945 976 1237 1062 predicto
1271 978 1554 1066 Georgio
1595 988 1680 1045 24
1713 981 2105 1048 Novembris
2135 982 2204 1046 in
2234 984 2509 1068 pecunia
2544 988 2672 1050 151.

367 1072 434 1128 et
475 1063 545 1126 in
575 1084 732 1127 auro
782 1071 920 1128 203.
1011 1063 1280 1129 Summa
1305 1070 1432 1131 161.
1523 1067 1752 1132 Soluta
1800 1077 1868 1133 et
1913 1069 2170 1154 quietus
2212 1070 2282 1134 in
2325 1071 2672 1141 liberatura

370 1150 409 1226 7
440 1147 823 1214 Decembris
852 1170 1024 1214 anno
1062 1158 1248 1231 1531,
1279 1162 1346 1216 et
1375 1154 1655 1237 quietuS.

454 1324 746 1389 ΕΜΡοιο
781 1343 1266 1393 rummare.—

461 1673 781 1740 Sonucm
815 1693 1612 1743 GARMAMENTORUM.—

454 2019 746 2085 Eurum
776 2040 958 2085 v1N1.
977 2055 1066 2068 -—
1084 2020 1176 2085 Et
1202 2019 1343 2084 ἑτι-2
1373 2020 1777 2107 hogeshedes
1806 2019 1941 2086 vini
1971 2019 2141 2086 rubii
2172 2030 2239 2086 et
2271 2029 2302 2085 1
2338 2021 2671 2107 hogeshed

364 2105 500 2170 vini
529 2106 750 2171 clareti
779 2106 1016 2191 emptis
1047 2107 1128 2170 de
1159 2106 1467 2191 magistro
1498 2107 1800 2187 Lawson‚
1829 2129 1945 2192 per
1973 2107 2021 2173 J
2022 2108 2348 2173 ohannem
2390 2109 2669 2194 Bukley,

362 2192 447 2256 ad
474 2195 790 2257 403.--61.
880 2193 1077 2257 Unde
1101 2194 1296 2258 soluti
1319 2193 1528 2258 eidem
1546 2215 1665 2279 per
1692 2195 2007 2258 famulum
2039 2216 2280 2273 meum,
2313 2201 2387 2258 12
2422 2195 2672 2259 Febru-

366 2278 500 2358 arii,
536 2288 613 2342 ut
639 2287 823 2364 patet
871 2301 989 2364 per
1015 2279 1258 2360 billarn,
1299 2290 1366 2344 et
1396 2280 1674 2365 quietus,
1764 2280 1858 2345 Et
1908 2280 1988 2345 de
2030 2280 2285 2345 Thoma
2313 2280 2571 2345 Jonson
2626 2288 2667 2344 3

365 2365 728 2449 hogesheds
757 2365 894 2430 vini
940 2369 1028 2431 51.
1062 2373 1193 2430 153.
1283 2367 1377 2431 Et
1421 2367 1679 2453 quietus
1724 2366 1793 2432 in
1841 2375 2148 2453 compoto
2194 2368 2364 2432 inter
2409 2388 2552 2445 nos,
2586 2374 2665 2429 21

367 2451 552 2531 Maii,
595 2471 769 2517 anno
806 2458 994 2517 1532.
1085 2453 1176 2516 Et
1206 2454 1287 2517 de
1315 2453 1570 2518 Thoma
1603 2455 1791 2529 Potts
1835 2461 1875 2516 3
1908 2453 2273 2538 hogesheds
2317 2453 2452 2516 vini
2499 2450 2671 2515 rubii

367 2540 449 2604 51.
483 2545 574 2606 63.
600 2543 702 2605 8d.
796 2540 1075 2606 Quietus
1126 2561 1243 2626 per
1289 2540 1682 2606 Nicholauin
1724 2540 1791 2605 N
1793 2540 2097 2619 ewsham‚
2130 2546 2167 2603 8
2198 2538 2442 2624 Aprilis
2494 2558 2668 2602 anno

370 2632 556 2691 1531.
647 2628 776 2692 Pro
827 2627 1202 2712 portacione
1248 2629 1542 2713 ejusdem
1590 2628 1701 2691 nil.
1792 2627 1883 2690 Et
1935 2626 2014 2691 de
2075 2624 2364 2689 Roberto
2418 2623 2671 2687 Brand-

362 2712 556 2798 lynge
616 2723 655 2777 3
704 2714 1109 2798 hogeshedes
1167 2713 1304 2778 vini
1363 2717 1447 2779 61.
1537 2714 1631 2777 Et
1682 2713 1762 2776 de
1814 2712 2064 2790 eodem,
2123 2732 2239 2795 per
2296 2709 2671 2775 ,Iohannem

364 2798 644 2885 Bukley,
675 2807 716 2863 4
746 2800 1111 2884 hogesheds
1156 2800 1293 2865 vini
1335 2799 1505 2863 rubii
1547 2808 1614 2863 et
1662 2798 1902 2876 clareti,
1950 2797 2033 2861 ad
2061 2800 2376 2862 403.-81.
2464 2798 2558 2861 Et
2588 2799 2668 2864 de

362 2887 674 3033 effi
705 2886 982 3035 ¹132sz
989 2897 1055 3035 822
1296 2883 2668 3056 ss{adesdzsssssffississemfflssz

364 3077 485 3140 per
515 2995 1034 3141 acquietanoigm,
1065 3062 1148 3123 81.
1182 3069 1249 3124 et
1280 3058 1555 3144 quietus·
1646 3059 1738 3123 Et
1768 2994 1851 3122 dle
1888 3057 1935 3122 J
1938 3059 2193 3122 ohanne
2225 3017 2594 3121 Sanderson
2624 3065 2668 3121 4

363 3142 696 3228 hogeshed
746 3143 877 3209 vini
931 3149 1014 3220 71.
1053 3152 1184 3209 133.
1208 3147 1314 3209 4d.
1405 3145 1599 3211 Unde
1634 3144 1830 3210 soluti
1860 3144 2070 3209 eidem
2114 3143 2182 3206 in
2229 3141 2478 3207 decima
2524 3148 2665 3208 303.

363 3238 431 3295 et
458 3231 527 3293 in
544 3230 818 3315 pecunia
847 3232 1021 3316 apud
1044 3232 1311 3297 Yarrow
1334 3234 1418 3297 61.
1442 3239 1537 3296 33.
1556 3233 1664 3296 4d.
1754 3231 1846 3294 Et
1876 3230 1956 3293 de
1986 3230 2292 3314 magistro
2312 3228 2591 3293 Lawson
2621 3236 2665 3293 4

359 3315 764 3400 hogeshedes
793 3318 929 3381 vini
959 3317 1196 3403 emptis
1227 3340 1343 3403 per
1370 3318 1417 3383 J
1420 3320 1744 3383 ohannem
1776 3317 2033 3401 Bukley
2064 3319 2147 3379 81.
2241 3314 2519 3383 Quietus
2548 3337 2666 3401 per

362 3402 700 3481 famulum,
729 3412 807 3466 ut
835 3413 1016 3488 patet
1044 3426 1161 3488 per
1199 3404 1726 3489 acquietanciam.
1815 3403 1908 3465 Et
1935 3402 2004 3466 in
2051 3412 2089 3465 2
2131 3401 2497 3486 hogesheds
2529 3402 2665 3466 vini

361 3489 598 3574 emptis
631 3490 711 3555 de
741 3489 1048 3574 magistro
1095 3491 1450 3555 Mathoson
1500 3491 1580 3554 de
1630 3489 1815 3567 Hull,
1863 3489 1947 3553 ad
1974 3490 2293 3552 403.-41.
2385 3487 2664 3553 Quietus

362 3574 427 3637 in
459 3585 767 3661 compoto
799 3585 866 3640 et
895 3576 1143 3640 decima
1172 3577 1342 3641 inter
1370 3599 1515 3655 nos,
1544 3597 1716 3639 anno
1754 3581 1940 3639 1532.

707 3662 977 3726 Summa
1025 3665 1152 3727 661.
1205 3670 1336 3727 153.
1429 3663 1626 3729 Unde
1674 3659 2134 3725 subtrahantur
2184 3679 2303 3743 pro
2357 3668 2664 3741 compoto

793 3748 873 3812 de
927 3772 1101 3814 anno
1146 3749 1434 3836 presenti
1478 3752 1608 3815 531.
1700 3749 2066 3812 Remanent
2107 3766 2227 3830 pro
2274 3765 2445 3808 anno
2497 3750 2662 3811 1532

795 3836 916 3899 131.
957 3842 1088 3901 153.

457 4003 504 4088 [.
538 4051 555 4069 .
589 4052 605 4069 .
635 4006 891 4071 Thema
913 4009 1120 4074 Blunt
1140 4031 1259 4095 pro
1282 4017 1321 4074 3
1354 4008 1526 4073 ulnis
1555 4009 1918 4074 liberaturae
1948 4005 2018 4071 in
2049 4005 2319 4072 diversis
2349 4006 2536 4071 annis
2568 4015 2665 4073 63.

359 4089 462 4155 De
492 4092 721 4157 eodem
751 4115 871 4178 pro
895 4105 1335 4180 agestamento
1360 4118 1543 4181 equae
1564 4117 1682 4181 per
1706 4101 1744 4159 3
1770 4116 1976 4158 annos
2007 4100 2136 4158 103.
2227 4095 2309 4159 In
2330 4095 2661 4178 margine]

442 4263 734 4329 Eupcm
768 4271 1341 4336 sevonum—Et
1378 4270 1448 4333 in
1493 4277 1523 4331 l
1577 4289 1746 4353 equo
1786 4275 2009 4352 empto
2051 4267 2129 4330 de
2162 4264 2452 4331 Roberto
2483 4267 2664 4353 Byd-

359 4348 491 4435 dyk
523 4353 658 4427 173.
690 4354 794 4417 ed.
885 4355 977 4419 Et
1015 4356 1085 4419 in
1121 4365 1151 4419 l
1188 4378 1354 4442 equo
1403 4364 1625 4439 empto
1675 4354 1755 4417 de
1793 4353 2048 4417 Thema
2081 4353 2315 4417 Bluntt
2350 4355 2480 4429 173.
2570 4353 2663 4416 Et

357 4432 426 4497 in
458 4442 489 4498 1
525 4458 693 4524 equo
723 4450 947 4524 empto
979 4442 1061 4506 de
1090 4444 1312 4509 relicta
1344 4442 1701 4528 Kecbynge
1733 4446 1869 4505 203.
1959 4440 2052 4505 Et
2079 4440 2149 4504 in
2178 4446 2209 4502 1
2240 4461 2407 4524 equo
2437 4445 2660 4522 empto

356 4541 473 4607 per
498 4524 812 4592 famulum
843 4549 1064 4598 meum
1153 4578 1170 4600 .

2270 4632 2313 4674 κ
