3225 5200
544 515 629 581 58
1393 528 1625 577 unna
1670 526 2024 577 suessan

626 684 987 750 ExPnNsAE
1020 703 1380 751 BoasAnu
1413 704 1506 751 nr
1536 703 1883 753 Amorum
1918 701 2159 751 snetm
2194 699 2850 750 misenam-nou.—

541 771 623 835 In
643 772 895 857 primis,
926 779 966 835 3
999 770 1206 850 Junii,
1258 771 1329 834 in
1380 770 1683 854 expensis
1735 770 1957 834 famuli
1989 770 2118 834 mei
2145 769 2215 832 in
2245 769 2442 834 Novo
2476 770 2710 836 Castro
2740 774 2846 837 3d.

539 857 633 920 Et
660 858 872 923 eidem
902 859 1077 944 apud
1099 858 1480 922 Aucklande
1510 859 1617 921 sd.
1708 856 1880 922 Item
1909 856 1978 921 in
2010 855 2313 942 expensis
2336 878 2454 942 per
2483 856 2847 923 Robertum

540 943 738 1030 Syme
779 946 848 1010 in
895 945 1092 1009 Novo
1125 944 1359 1008 Castro
1389 945 1495 1008 3d.
1588 944 1758 1008 Item
1806 964 1923 1029 per
1950 944 2268 1008 famulum
2299 965 2520 1009 meum
2549 944 2619 1008 in
2651 946 2845 1011 Novo

540 1029 773 1099 Castro
802 1034 910 1097 4d.
999 1031 1093 1096 Et
1144 1031 1356 1096 eidem
1385 1031 1455 1094 in
1486 1031 1683 1094 Novo
1716 1030 1948 1094 Castro
1983 1030 2240 1111 (blank).
2330 1031 2423 1095 Et
2450 1052 2568 1117 per
2598 1030 2846 1098 Rober-

536 1124 681 1182 tum
726 1118 946 1204 Syme,
997 1124 1036 1181 2
1066 1118 1251 1196 Julii,
1283 1118 1458 1203 apud
1486 1117 1766 1203 Aykley,
1793 1118 1901 1181 sd.
1993 1117 2085 1180 Et
2134 1116 2411 1218 Jaspero
2463 1115 2747 1205 Horsley
2776 1120 2844 1184 in

536 1204 734 1270 Novo
789 1205 1024 1271 Castro
1068 1207 1175 1270 4d.
1265 1205 1357 1268 Et
1409 1205 1476 1268 N
1477 1204 1731 1273 icholao
1783 1201 2132 1268 Newsham
2179 1202 2424 1270 idlbem
2454 1206 2562 1271 4d.
2649 1206 2742 1269 Et
2771 1206 2842 1270 in

535 1291 1041 1462 ffitsszssissx
1069 1291 1211 1443 {¹4⁰3
1244 1289 2845 1463 (Ψὲὶῑξῗὲἷᾚὲῖἒξὲηῗὲἵὲἕἶῖῗὲἑιζ”ῗιῖῗῗ

895 1426 911 1443 .
2775 1428 2791 1444 .
2821 1425 2843 1459 ,

544 1467 689 1542 17ἀ.
777 1466 870 1529 Et
898 1463 1217 1529 Nicholao
1317 1464 1600 1530 ewsham
1647 1485 1768 1549 pro
1816 1464 2118 1549 expensis
2148 1464 2219 1528 in
2248 1464 2443 1531 Novo
2476 1465 2707 1531 Castro
2740 1468 2846 1541 7d.

548 1551 663 1634 [In
707 1572 906 1616 manu
967 1551 1217 1617 terrarii
1294 1572 1369 1615 ro
1399 1572 1601 1636 grano
1655 1549 1898 1636 sinapis
1950 1558 2043 1615 23.
2135 1552 2306 1616 Item
2353 1572 2475 1636 pro
2520 1552 2677 1617 vino
2725 1574 2841 1638 per

537 1639 671 1702 fam
718 1683 1062 1705 ......
1115 1645 1190 1702 15
1293 1637 1607 1703 ecembris
1639 1658 1811 1702 anno
1847 1643 2037 1702 1532.
2125 1640 2205 1704 In
2232 1638 2569 1724 mamma]
2669 1639 2843 1705 Item

536 1724 608 1788 in
637 1725 940 1813 expensis
992 1725 1155 1790 meis
1204 1735 1272 1789 et
1316 1724 1578 1790 famulis
1631 1724 1805 1809 apud
1857 1723 2122 1811 Sheyle3
2173 1724 2244 1788 in
2295 1725 2635 1810 empcione
2686 1727 2844 1811 dog-

539 1811 734 1879 drave
768 1820 849 1877 14
877 1860 892 1877 .
919 1858 935 1876 .
963 1859 980 1879 .
1070 1812 1162 1876 Et
1194 1812 1264 1876 in
1312 1811 1611 1896 expensis
1664 1810 1827 1875 meis
1879 1811 2055 1895 apud
2086 1812 2393 1898 Byewley
2442 1822 2510 1877 et
2557 1813 2843 1878 Stekton

537 1898 606 1962 in
650 1923 735 1965 ne
777 1899 912 1964 otio
972 1898 1056 1963 ad
1106 1898 1512 1983 Episcopum
1573 1905 1667 1963 2⁸.
1700 1899 1804 1962 ed.
1895 1898 1986 1962 Et
2043 1898 2112 1962 in
2172 1898 2476 1983 expensis
2537 1899 2842 1965 Nicholai

539 1923 891 2050 Newsffiam
943 1986 1014 2049 in
1061 1985 1258 2050 Novo
1291 1984 1525 2066 Castro
1555 1987 1663 2049 4d.
1752 1984 1844 2049 Et
1887 1984 1959 2048 in
2006 1986 2310 2070 expensis
2361 2007 2480 2071 per
2527 1987 2843 2051 famulum

536 2093 760 2137 meum
811 2072 1081 2137 diversis
1131 2071 1381 2137 vicibus
1426 2071 1494 2135 in
1545 2071 1753 2157 patria
1799 2093 1920 2158 pro
1965 2072 2344 2137 collectione
2373 2072 2705 2137 firmarum
2735 2075 2840 2138 9d.

535 2158 631 2225 Et
658 2181 779 2245 pro
809 2159 1113 2244 expensis
1144 2160 1305 2224 meis
1345 2158 1415 2224 in
1445 2158 1884 2244 Northsheyls
1934 2158 2005 2221 in
2034 2159 2296 2245 negotio
2328 2158 2410 2224 ad
2443 2160 2730 2225 Priorem
2762 2161 2843 2226 de

535 2245 993 2333 Tynemouthe
1041 2255 1133 2311 28.
1187 2248 1292 2310 sd.
1383 2245 1475 2309 Et
1525 2245 1799 2310 Nicolao
1848 2246 2197 2311 Newsham
2243 2246 2312 2311 in
2357 2246 2553 2312 Novo
2587 2247 2842 2328 Castro,

538 2340 577 2398 5
622 2333 951 2412 Octobris,
998 2334 1102 2398 2d.
1191 2332 1282 2397 Et
1332 2332 1401 2397 in
1449 2333 1754 2418 expensis
1805 2332 2282 2398 veredariorum
2333 2333 2403 2397 in
2436 2333 2690 2398 Cestria
2718 2356 2837 2419 pro

541 2421 865 2505 ‹logdrave
894 2420 1002 2487 ed.
1092 2420 1183 2484 Et
1232 2441 1349 2506 per
1378 2418 1768 2484 Nicholaum
1807 2420 2158 2484 Newsham
2203 2428 2270 2485 et
2302 2419 2549 2486 socium
2579 2421 2648 2485 in
2676 2423 2847 2487 festo

536 2507 735 2575 Lucae
766 2509 940 2593 apud
969 2507 1233 2573 Novum
1271 2506 1578 2571 Castrum
1614 2508 1755 2570 12d.
1845 2506 1938 2570 Et
1989 2505 2198 2572 eidem
2229 2528 2346 2592 pro
2377 2508 2533 2573 vino
2563 2510 2840 2575 emendo

538 2595 790 2663 duabus
820 2595 1071 2662 vicibus
1103 2596 1206 2660 sd.
1296 2594 1389 2659 Et
1405 2594 1474 2658 in
1494 2593 1798 2679 expensis
1820 2593 2046 2658 famuli
2074 2594 2198 2659 mei
2239 2594 2412 2680 apud
2446 2595 2745 2661 Howden
2775 2605 2842 2662 et

539 2682 1166 2771 Hemmyngburghe
1186 2690 1279 2747 2⁸.
1324 2682 1418 2746 Et
1434 2680 1737 2746 eidemin
1760 2681 1956 2745 Novo
1988 2681 2222 2746 Castro
2250 2684 2357 2746 4d.
2424 2682 2518 2747 Et
2545 2683 2614 2746 in
2645 2684 2840 2749 Novo

541 2768 775 2834 Castro
805 2792 923 2855 per
951 2770 1269 2835 famulum
1318 2791 1537 2833 meum
1586 2777 1654 2832 et
1685 2767 2121 2832 cuthbertum
2153 2768 2351 2853 Pape,
2384 2769 2653 2835 diversis
2681 2770 2841 2836 vici-

536 2854 688 2938 bus,
720 2858 823 2922 sd.
912 2857 1005 2921 Et
1032 2858 1103 2922 in
1134 2856 1437 2942 expensis
1469 2855 1741 2921 Roberti
1772 2854 1970 2942 Syme
2000 2855 2069 2918 in
2101 2855 2478 2921 collectione
2507 2857 2839 2922 firmarum

537 2945 713 3033 apud
743 2943 999 3029 Aykley
1028 2944 1130 3007 6d.
1222 2943 1314 3006 Et
1359 2943 1429 3005 in
1477 2939 1780 3027 expensis
1831 2941 2057 3007 famuli
2101 2942 2172 3006 in
2222 2943 2416 3007 Novo
2468 2942 2725 3024 Castro,
2762 2952 2839 3010 16

536 3032 945 3110 Decembris,
975 3033 1081 3095 4d.
1170 3030 1262 3093 Et
1290 3029 1359 3092 in
1390 3029 1692 3114 expensis
1745 3027 1906 3093 meis
1959 3029 2134 3115 apud
2174 3029 2726 3116 Branncepeathe,
2762 3038 2841 3094 19

536 3118 946 3199 Decembris,
988 3116 1093 3181 5d.
1184 3115 1357 3180 Item
1404 3115 1474 3178 in
1526 3115 1830 3200 expensis
1876 3115 2147 3180 Thomae
2195 3115 2432 3181 Bluntt
2476 3126 2543 3182 et
2570 3118 2843 3182 Thomae

539 3205 697 3274 Raw
741 3228 778 3269 a
824 3204 915 3269 ud
946 3202 1210 3289 Sheyle3
1249 3203 1353 3267 sd.
1441 3202 1534 3266 Et
1584 3202 1903 3266 Nicholao
1957 3202 2311 3267 Newsham
2361 3224 2482 3289 pro
2534 3205 2839 3289 expensis

537 3293 645 3357 4d.
734 3228 827 3360 Eli:
853 3291 923 3357 in
967 3289 1268 3391 expensis
1316 3287 1502 3369 meis,
1532 3295 1574 3350 4
1604 3287 1917 3368 Januarii,
1949 3290 2121 3376 apud
2154 3290 2421 3355 Yarrow
2448 3312 2700 3377 pannys
2732 3292 2839 3356 ecl.

541 3375 634 3443 Et
660 3399 780 3467 pro
813 3398 1115 3465 expensis
1166 3374 1352 3440 factis
1401 3376 1682 3458 (blank).
1776 3373 1866 3440 Et
1910 3375 1980 3440 in
2026 3375 2267 3461 ptisina
2317 3392 2537 3463 empta
2574 3399 2694 3464 pro
2745 3388 2843 3443 te·

539 3464 849 3531 nentibus
877 3466 948 3530 in
964 3463 1340 3550 recepcione
1444 3485 1716 3528 anorum
1747 3461 1920 3548 apud
1939 3462 2176 3527 salinas
2198 3463 2280 3529 de
2310 3463 2356 3527 J
2357 3485 2561 3529 arrow
2590 3465 2658 3527 in
2688 3464 2842 3530 navi

537 3553 814 3620 Antonii
839 3553 1153 3640 Hogeson
1176 3558 1269 3617 42.
1302 3485 1443 3615 4ιῗ
1499 3549 1590 3614 Et
1628 3550 1698 3614 in
1750 3549 2031 3634 regardis
2082 3549 2249 3614 datis
2281 3551 2640 3619 marinariis
2672 3552 2845 3637 ejus-

540 3642 688 3708 dem
717 3641 902 3707 navis
931 3662 1049 3728 pro
1078 3640 1140 3703 le
1172 3660 1509 3723 swepyngs
1540 3659 1658 3723 per
1686 3636 1999 3700 famulum
2032 3658 2253 3701 meum
2286 3639 2432 3702 12d.
2524 3636 2614 3702 Et
2642 3635 2710 3702 in
2735 3659 2847 3705 ex-

537 3729 757 3816 pensis
788 3750 903 3813 per
930 3726 1246 3791 famulum
1277 3745 1516 3802 meum,
1550 3730 1629 3786 18
1662 3720 1709 3787 J
1710 3722 1974 3801 anuarii,
2003 3721 2074 3786 in
2097 3723 2292 3788 Novo
2319 3723 2571 3800 Castro,
2599 3727 2705 3789 sd.
2755 3723 2845 3790 Et

336 3827 345 3836 '
434 3859 437 3862 ι
537 3816 608 3881 in
639 3815 905 3880 cervisia
927 3814 1077 3878 data
1106 3809 1482 3876 tenentibus
1514 3809 1593 3873 de
1624 3807 1973 3873 Wermuth
2003 3817 2070 3874 et
2100 3809 2463 3897 Southwyk
2492 3832 2610 3898 per
2632 3811 2700 3877 J.
2722 3811 2844 3876 Gr.

541 3903 646 3966 503.
676 3901 744 3965 in
778 3899 1049 3965 Cestria.
1142 3895 1231 3961 Et
1276 3896 1345 3959 in
1393 3895 1696 3983 expensis
1746 3896 1814 3959 in
1846 3896 2042 3961 Novo
2090 3896 2321 3961 Castro
2366 3919 2482 3982 per
2526 3898 2842 3963 famulum

540 4010 783 4068 meum,
813 3994 896 4051 28
940 3982 1291 4062 Februarii,
1322 3986 1426 4049 4d.
1520 3981 1609 4047 Et
1660 3984 1731 4047 in
1770 3983 2072 4068 expensis
2103 3982 2352 4049 domini
2401 3984 2638 4052 Prioris
2669 3985 2846 4071 apud

543 4073 947 4154 Aucklande,
970 4081 1006 4137 5
1043 4069 1397 4151 Februarii,
1435 4078 1564 4135 153.
1602 4071 1704 4146 7d.
1789 4069 1959 4135 Item
2006 4091 2124 4157 per
2153 4070 2471 4134 famulum
2521 4071 2592 4135 in
2645 4072 2841 4137 Novo

544 4163 775 4228 Castro
806 4163 910 4228 3d.
1002 4158 1093 4223 Et
1136 4180 1339 4246 puero
1369 4156 1707 4222 Willielmi
1736 4157 2005 4223 Walshe
2035 4157 2347 4242 capellani
2379 4160 2483 4223 203.
2576 4159 2745 4224 Item
2776 4160 2846 4223 in

542 4248 845 4336 expensis
893 4245 1195 4349 Nicholai
1249 4245 1588 4345 Neusham
1641 4253 1726 4346 et·
1757 4244 1803 4308 J
1805 4266 1993 4332 asper
2043 4244 2332 4334 Horsley
2358 4244 2429 4309 in
2447 4245 2846 4348 ‘receptione

540 4330 2077 4507 gssssnf‘issffidfflffifflndffriass?&3332
2096 4330 2847 4508 ἕθῖερὲαΐιιῖῗῖηἳὲῗίἒ

540 4448 928 4600 gveyt-wode
956 4512 1063 4577 ed.
1153 4506 1244 4574 Et
1291 4528 1412 4592 pro
1462 4505 1878 4593 navigacione
1923 4506 2218 4595 ejusdem
2264 4525 2474 4595 usque
2528 4507 2849 4575 Heworth
