3225 5200
557 557 644 621 40
1405 571 1632 616 mmm
1680 571 2036 618 BURSARII

644 724 739 788 Et
767 722 976 787 eidem
1008 722 1111 786 die
1140 724 1394 789 veneris
1424 733 1505 788 25
1541 724 1645 789 die
1675 724 2067 790 Novembris
2098 732 2237 788 423.
2261 727 2366 790 4ά.

643 811 738 873 Et
759 808 970 873 eidem
1003 816 1040 872 2
1073 809 1176 873 die
1208 811 1451 874 mensis
1484 811 1867 875 Decembris
1899 815 2034 887 373.
2067 813 2210 876 lOd.

644 896 740 959 Et
768 895 978 959 eidem
1011 902 1050 959 9
1082 895 1185 960 die
1216 897 1457 960 mensis
1487 897 1868 961 Decembris
1898 905 2037 961 413.
2063 900 2168 978 ὲιί.

646 981 739 1044 Et
767 980 976 1045 eidem
1008 981 1111 1045 die
1140 983 1392 1047 veneris
1428 991 1506 1047 16
1533 984 1636 1047 die
1660 983 2042 1048 Decembris
2075 993 2211 1048 423.
2253 986 2434 1066 ΙΙῇιῖ.

646 1068 740 1130 Et
768 1067 977 1131 eidem
1010 1067 1113 1131 die
1142 1070 1394 1133 veneris
1427 1076 1507 1133 23
1541 1069 1923 1134 Decembris
1953 1077 2091 1133 493.
2124 1072 2227 1134 ed.

646 1154 740 1216 Et
768 1152 979 1217 eidem
1012 1154 1116 1219 die
1144 1155 1399 1218 veneris
1429 1163 1516 1219 30
1545 1155 1927 1220 Decembris
1962 1158 2097 1231 773.
2130 1159 2227 1221 ld.

647 1239 739 1303 Et
770 1239 979 1303 eidem
1010 1240 1113 1302 die
1143 1242 1396 1305 veneris
1443 1251 1482 1304 6
1530 1242 1634 1305 die
1663 1242 1708 1306 J
1711 1242 1955 1305 anuarii
1987 1248 2123 1307 603.
2154 1245 2297 1308 16ἀ.

645 1326 739 1389 Et
767 1324 974 1389 eidem
1007 1326 1109 1390 die
1139 1327 1392 1391 veneris
1431 1335 1504 1391 13
1532 1328 1636 1392 die
1666 1328 1711 1392 J
1714 1328 1957 1392 anuarii
1984 1336 2122 1392 443.
2161 1331 2255 1392 ld.

646 1413 739 1475 Et
767 1411 976 1475 eidem
1007 1412 1111 1476 die
1139 1414 1393 1479 veneris
1425 1422 1509 1477 20
1539 1415 1644 1478 die
1674 1414 1965 1479 Januarii
1994 1422 2131 1479 453.
2163 1418 2269 1481 4d.

647 1497 739 1560 Et
768 1497 977 1560 eidem
1009 1497 1112 1560 die
1141 1500 1393 1563 veneris
1428 1503 1507 1575 27
1540 1501 1644 1564 die
1675 1500 1964 1567 Januarii
1998 1510 2133 1566 513.
2175 1505 2313 1567 lld.

649 1583 741 1645 Et
770 1582 980 1646 eidem
1012 1583 1114 1646 die
1136 1584 1389 1648 veneris
1421 1592 1460 1647 3
1494 1586 1596 1649 die
1629 1588 1870 1649 mensis
1899 1587 2231 1653 Februarii
2262 1597 2401 1655 413.
2431 1592 2537 1656 2d.

647 1669 741 1731 Et
770 1668 978 1733 eidem
1016 1676 1095 1732 10
1127 1669 1229 1733 die
1261 1671 1501 1734 mensis
1534 1671 1865 1736 Februarii
1893 1680 2032 1738 463.
2066 1676 2168 1738 4d.

646 1755 740 1818 Et
770 1753 979 1818 eidem
1011 1755 1114 1819 die
1143 1757 1395 1820 veneris
1432 1765 1511 1821 18
1546 1757 1876 1822 Februarii
1906 1766 2045 1825 423.
2080 1764 2228 1836 5ᾗᾱ.

647 1841 739 1904 Et
769 1840 978 1904 eidem
1010 1842 1113 1905 die
1142 1843 1395 1906 veneris
1430 1852 1506 1907 25
1543 1845 1647 1908 die
1679 1844 2009 1910 Februarii
2040 1854 2176 1912 433.
2210 1853 2313 1915 Sd.

646 1928 740 1991 Et
769 1927 979 1990 eidem
1012 1927 1115 1991 die
1146 1930 1397 1993 veneris
1428 1938 1467 1994 3
1503 1931 1736 1995 Marcii
1770 1939 1909 1997 263.
1943 1935 2039 1998 ld.

648 2012 740 2075 Et
768 2011 976 2076 eidem
1009 2013 1111 2076 die
1141 2016 1393 2079 veneris
1431 2025 1511 2080 10
1543 2018 1646 2081 die
1679 2018 1913 2083 Marcii
1943 2027 2034 2084 33.

645 2099 739 2161 Et
768 2099 974 2161 eidem
1009 2100 1112 2164 die
1141 2102 1394 2165 veneris
1433 2106 1509 2178 17
1542 2103 1648 2167 die
1680 2104 1912 2168 Marcii
1945 2112 2038 2170 83.

645 2184 740 2246 Et
768 2184 977 2248 eidem
1010 2185 1111 2249 die
1142 2188 1395 2251 veneris
1427 2196 1509 2252 24
1543 2190 1645 2253 die
1678 2190 1910 2254 Marcii
1940 2197 2034 2255 23.
2065 2196 2172 2258 4d.

644 2271 739 2334 Et
768 2270 976 2334 eidem
1008 2272 1111 2336 die
1140 2274 1392 2337 veneris
1423 2276 1657 2339 ultimo
1691 2276 1793 2340 die
1821 2275 2052 2342 Marcii
2084 2281 2189 2344 4d.

646 2357 738 2420 Et
767 2357 976 2420 eidem
1009 2358 1111 2422 die
1144 2361 1392 2424 veneris
1426 2365 1462 2436 7
1497 2362 1599 2426 die
1631 2363 1872 2426 mensis
1902 2363 2145 2448 Aprilis
2176 2374 2314 2432 313.

646 2443 738 2506 Et
767 2443 977 2507 eidem
1008 2444 1111 2507 die
1141 2446 1394 2510 veneris
1433 2452 1510 2511 14
1539 2448 1783 2534 Aprilis
1815 2457 1954 2513 643.
1984 2454 2089 2514 4d.

643 2530 738 2593 Et
766 2529 975 2593 eidem
1008 2531 1110 2595 die
1140 2533 1391 2598 veneris
1424 2541 1499 2599 21
1537 2536 1780 2621 Aprilis
1812 2543 1950 2601 493.
1982 2541 2127 2614 6502.

646 2614 738 2680 Et
767 2617 975 2682 eidem
1008 2619 1110 2683 die
1140 2621 1392 2684 veneris
1426 2629 1508 2686 29
1539 2622 1782 2707 Aprilis
1816 2631 1952 2688 243.
1984 2628 2088 2690 5d.
2212 2628 2381 2692 Item
2405 2639 2444 2691 2
2470 2629 2682 2716 kydds
2718 2631 2862 2695 1211.

645 2702 738 2765 Et
767 2703 975 2768 eidem
1009 2705 1111 2769 die
1142 2707 1396 2771 veneris
1430 2716 1464 2771 5
1503 2709 1605 2773 die
1633 2709 1795 2773 Maii
1828 2717 1963 2775 263.
1994 2715 2099 2778 5d.

644 2788 738 2851 Et
767 2788 976 2852 eidem
1009 2791 1111 2855 die
1142 2794 1394 2858 veneris
1433 2802 1510 2858 12
1546 2796 1650 2861 die
1680 2795 1923 2861 mensis
1956 2798 2121 2864 Maii
2150 2807 2290 2866 343.
2322 2804 2426 2866 6d.

643 2869 737 2935 Et
768 2873 977 2937 eidem
1009 2876 1112 2940 die
1144 2880 1395 2942 veneris
1428 2889 1514 2945 20
1544 2883 1648 2947 die
1677 2883 1921 2948 mensis
1947 2885 2112 2950 Maii
2155 2895 2292 2953 493.
2326 2891 2429 2953 5ἀ.

646 2960 738 3024 Et
767 2959 976 3024 eidem
1007 2961 1110 3026 die
1140 2965 1393 3027 veneris
1425 2973 1508 3028 26
1542 2967 1645 3031 die
1678 2968 1841 3032 Maii
1872 2978 2012 3038 523.

1425 3052 1520 3116 :El
1539 3061 1635 3117 16.
1671 3062 1762 3119 83.
1790 3057 1933 3131 Hrd.

657 3135 686 3218 [
776 3182 793 3199 .
885 3181 900 3197 .
993 3181 1008 3198 .
1096 3135 1264 3201 festo
1327 3137 1731 3223 Magdalenae
1781 3164 1901 3227 pro
1948 3146 2272 3212 catoribus
2305 3155 2439 3213 663.
2475 3151 2578 3213 Sd.
2650 3150 2861 3215 Soluti

559 3230 627 3284 et
656 3220 911 3304 quietus
962 3268 978 3284 .
1070 3267 1087 3285 .
1178 3270 1194 3286 .
1288 3271 1303 3288 .
1392 3229 1754 3310 granatario
1786 3252 1903 3313 per
1932 3232 2324 3298 Nicholaum
2350 3236 2700 3301 Newsham
2726 3246 2856 3300 153.

560 3307 774 3370 Soluti
803 3315 869 3369 et
899 3305 1175 3390 quietus·

648 3390 739 3455 Et
786 3392 981 3456 soluti
1034 3392 1297 3460 domino
1328 3398 1681 3465 Willielmo
1732 3403 2018 3491 Gubyon
2070 3407 2429 3492 presbitero
2484 3411 2563 3474 de
2615 3410 2861 3473 Dalton
2916 3453 2922 3458 >

562 3526 1011 3546 .....
1102 3505 1272 3548 anno
1307 3493 1474 3550 1530
1504 3510 1621 3572 per
1654 3489 2012 3558 Robertum
2067 3494 2470 3581 Robyngson
2524 3497 2603 3561 de
2635 3498 2861 3561 eadem

559 3574 653 3632 33.
678 3568 783 3633 4d.
872 3569 951 3631 In
981 3572 1307 3655 mamma]

797 3802 1389 3871 SOLUCIONES
1438 3809 1761 3878 FACTAE
1811 3816 2151 3883 CATORI
2202 3820 2613 3887 PISCIUM.

610 4053 622 4067 .
649 3967 731 4068 In
760 3970 984 4121 Ρτίαὲἱδ
1018 3974 1359 4040 Leonardo
1390 3976 1805 4065 Atkyngson,
1834 4008 1969 4070 prae
2000 3988 2321 4069 manibuS,
2353 4012 2472 4076 pro
2522 3992 2862 4075 empcione

559 4075 1140 4230 plsfiltugdemjinoe
1160 4149 1481 4231 manibuS‚
1500 4155 1733 4221 ultimo
1758 4158 1826 4222 N
1828 4159 2174 4241 ovembriS,
2207 4170 2332 4226 103.
2376 4162 2589 4228 Soluti
2620 4171 2662 4226 4
2680 4164 2725 4228 J
2728 4163 2866 4228 unii

561 4249 732 4292 anno
769 4232 956 4309 1531,
992 4239 1126 4297 103.
1158 4246 1226 4299 et
1253 4251 1590 4305 remanent
1619 4252 1759 4307 203.
1790 4256 1867 4309 ut
1895 4257 2078 4332 patet
2108 4271 2280 4314 anno
2312 4251 2628 4337 sequenti.

647 4314 741 4379 Et
770 4315 999 4397 eidem,
1037 4326 1115 4382 12
1144 4321 1190 4385 J
1195 4323 1350 4402 unii,
1381 4347 1497 4411 per
1525 4329 1796 4411 tallium,
1834 4338 1965 4395 153.
2000 4337 2105 4399 2d.

647 4401 740 4463 Et
768 4402 998 4483 eidem,
1036 4412 1115 4468 19
1145 4407 1191 4471 J
1193 4409 1350 4489 unii,
1379 4433 1498 4496 per
1526 4416 1800 4496 talliam,
1837 4426 1970 4484 133.

645 4488 740 4556 Et
768 4488 1000 4574 eidem,
1029 4514 1147 4579 per
1185 4495 1457 4580 talliam,
1489 4507 1571 4566 26
1602 4502 1649 4566 J
1653 4503 1810 4585 unii,
1840 4513 1979 4578 243.
2010 4510 2116 4575 4d.
